<record><leader>00000cas a22000007a 4500</leader><controlfield tag="001">21486061</controlfield><controlfield tag="008">900507d19851987aruwr ne      0    0eng d</controlfield><datafield ind1=" " ind2=" " tag="010"><subfield code="a">sn 90050173 </subfield></datafield><datafield ind1=" " ind2=" " tag="040"><subfield code="a">ANU</subfield><subfield code="b">eng</subfield><subfield code="c">ANU</subfield><subfield code="d">OCLCQ</subfield></datafield><datafield ind1=" " ind2=" " tag="042"><subfield code="a">msc</subfield></datafield><datafield ind1="0" ind2=" " tag="130"><subfield code="a">Dierks banner (Dierks, Ark. : 1985)</subfield></datafield><datafield ind1="1" ind2="4" tag="245"><subfield code="a">The Dierks banner.</subfield></datafield><datafield ind1=" " ind2=" " tag="260"><subfield code="a">Dierks, Ark. :</subfield><subfield code="b">James White</subfield></datafield><datafield ind1=" " ind2=" " tag="300"><subfield code="a">v.</subfield></datafield><datafield ind1=" " ind2=" " tag="310"><subfield code="a">Weekly</subfield></datafield><datafield ind1="0" ind2=" " tag="362"><subfield code="a">Vol. 14, no. 19 (Sept. 25, 1985)-v. 16, no. 6 (July 1, 1987).</subfield></datafield><datafield ind1=" " ind2=" " tag="752"><subfield code="a">United States</subfield><subfield code="b">Arkansas</subfield><subfield code="c">Howard</subfield><subfield code="d">Dierks.</subfield></datafield><datafield ind1="0" ind2="0" tag="780"><subfield code="t">Dierks banner free-press</subfield><subfield code="w">(DLC)sn 90050181</subfield></datafield></record>